%% Created using Papers on Fri, 21 Nov 2014.
%% http://papersapp.com/papers/

@article{cho2014,
  title={Energetically significant networks of coupled interactions within an unfolded protein},
  author={Cho, Jae-Hyun and Meng, Wenli and Sato, Satoshi and Kim, Eun Young and Schindelin, Hermann and Raleigh, Daniel P},
  journal={Proceedings of the National Academy of Sciences},
  volume={111},
  number={33},
  pages={12079--12084},
  year={2014},
  publisher={National Acad Sciences}
}


@article{Zwanzig:1954ee,
author = {Zwanzig, Robert W},
title = {{High-Temperature Equation of State by a Perturbation Method. I. Nonpolar Gases}},
journal = {The Journal of chemical physics},
year = {1954},
volume = {22},
number = {8},
pages = {1420}
}

@article{Zwanzig:1955cl,
author = {Zwanzig, Robert W},
title = {{High-Temperature Equation of State by a Perturbation Method. II. Polar Gases}},
journal = {The Journal of chemical physics},
year = {1955},
volume = {23},
number = {10},
pages = {1915}
}

@article{Smith:1994tn,
author = {Smith, Paul E and van Gunsteren, Wilfred F},
title = {{When are free energy components meaningful?}},
journal = {The Journal of Physical Chemistry},
year = {1994},
volume = {98},
number = {51},
pages = {13735--13740}
}

@article{Boresch:1994jj,
author = {Boresch, S and Archontis, G and Karplus, M},
title = {{Free energy simulations: the meaning of the individual contributions from a component analysis.}},
journal = {Proteins: Structure, Function, and Bioinformatics},
year = {1994},
volume = {20},
number = {1},
pages = {25--33},
month = sep
}

@article{Boresch:1995ux,
author = {Boresch, Stefan and Karplus, Martin},
title = {{The meaning of component analysis: decomposition of the free energy in terms of specific interactions}},
journal = {Journal of Molecular Biology},
year = {1995},
volume = {254},
number = {5},
pages = {801--807}
}

@article{Roux:1995vi,
author = {Roux, Benoit and Roux, Benoit},
title = {{The calculation of the potential of mean force using computer simulations}},
journal = {Computer Physics Communications},
year = {1995},
volume = {91},
number = {1},
pages = {275--282}
}

@article{Brady:1995dz,
author = {Brady, G P and Brady, G P and Sharp, K a and Sharp, K a},
title = {{Decomposition of interaction free energies in proteins and other complex systems.}},
journal = {Journal of Molecular Biology},
year = {1995},
volume = {254},
number = {1},
pages = {77--85},
month = nov
}

@article{Archontis:1996ef,
author = {Archontis, G and Archontis, G and Karplus, M and Karplus, M},
title = {{Cumulant expansion of the free energy: Application to free energy derivatives and component analysis}},
journal = {The Journal of chemical physics},
year = {1996},
volume = {105},
number = {24},
pages = {11246}
}

@article{Brady:1996gm,
author = {Brady, G P and Szabo, a and Sharp, K a},
title = {{On the decomposition of free energies.}},
journal = {Journal of Molecular Biology},
year = {1996},
volume = {263},
number = {2},
pages = {123--125},
month = oct
}

@article{Darve:2001ce,
author = {Darve, Eric and Darve, Eric and Pohorille, Andrew and Pohorille, Andrew},
title = {{Calculating free energies using average force}},
journal = {The Journal of chemical physics},
year = {2001},
volume = {115},
number = {20},
pages = {9169}
}

@article{Kubo:2004tb,
author = {Kubo, R and Kubo, R},
title = {{Generalized Cumulant Expansion Method}},
journal = {Journal of the Physical Society of Japan},
year = {2004},
volume = {17},
number = {7},
pages = {1100--1120},
month = jul
}

@article{Kastner:2005fe,
author = {K{\"a}stner, Johannes and K{\"a}stner, Johannes and Thiel, Walter and Thiel, Walter},
title = {{Bridging the gap between thermodynamic integration and umbrella sampling provides a novel analysis method: ``Umbrella integration''}},
journal = {The Journal of chemical physics},
year = {2005},
volume = {123},
number = {14},
pages = {144104}
}

@article{Bren:2007id,
author = {Bren, Matev{\v z} and Florian, Jan and Mavri, Janez and Bren, Urban},
title = {{Do all pieces make a whole? Thiele cumulants and the free energy decomposition}},
journal = {Theoretical Chemistry Accounts},
year = {2007},
volume = {117},
number = {4},
pages = {535--540},
month = feb
}

@article{Tyka:2007fw,
author = {Tyka, Michael D and Sessions, Richard B and Clarke, Anthony R},
title = {{Absolute Free-Energy Calculations of Liquids Using a Harmonic Reference State}},
journal = {The Journal of Physical Chemistry. B},
year = {2007},
volume = {111},
number = {32},
pages = {9571--9580},
month = aug
}

@article{Darve:2008iw,
author = {Darve, Eric and Darve, Eric and Rodr{\'\i}guez-G{\'o}mez, David and Rodr{\'\i}guez-G{\'o}mez, David and Pohorille, Andrew and Pohorille, Andrew},
title = {{Adaptive biasing force method for scalar and vector free energy calculations}},
journal = {The Journal of chemical physics},
year = {2008},
volume = {128},
number = {14},
pages = {144120}
}

@article{Sharp:2013gq,
author = {Sharp, Kim and Sharp, Kim},
title = {{Calculation of Molecular Entropies Using Temperature Integration}},
journal = {Journal of Chemical Theory and Computation},
year = {2013},
volume = {9},
number = {2},
pages = {1164--1172},
month = feb
}

